<record><leader>00000cas a22000007a 4500</leader><controlfield tag="001">26018065</controlfield><controlfield tag="008">920615d19821990aruwr ne      0    0eng d</controlfield><datafield ind1=" " ind2=" " tag="010"><subfield code="a">sn 92050102 </subfield></datafield><datafield ind1=" " ind2=" " tag="040"><subfield code="a">ANU</subfield><subfield code="b">eng</subfield><subfield code="c">ANU</subfield><subfield code="d">OCLCQ</subfield></datafield><datafield ind1=" " ind2=" " tag="042"><subfield code="a">msc</subfield></datafield><datafield ind1="0" ind2="0" tag="245"><subfield code="a">Izard County current.</subfield></datafield><datafield ind1="1" ind2="7" tag="246"><subfield code="a">White River current</subfield><subfield code="f">Nov. 18, 1982</subfield></datafield><datafield ind1="1" ind2="7" tag="246"><subfield code="a">White River current-Izard County current</subfield><subfield code="f">&lt;Jan. 19, 1989&gt;</subfield></datafield><datafield ind1=" " ind2=" " tag="260"><subfield code="a">Calico Rock, Izard County, Ark. :</subfield><subfield code="b">Barbara DeAngelis</subfield></datafield><datafield ind1=" " ind2=" " tag="300"><subfield code="a">v.</subfield></datafield><datafield ind1=" " ind2=" " tag="310"><subfield code="a">Weekly</subfield></datafield><datafield ind1="1" ind2=" " tag="362"><subfield code="a">Began in Nov. 1982; ceased in 1990.</subfield></datafield><datafield ind1=" " ind2=" " tag="588"><subfield code="a">Description based on: Vol. 1, no. 2 (Nov. 18, 1982).</subfield></datafield><datafield ind1=" " ind2="4" tag="651"><subfield code="a">Calico Rock (Ark.)</subfield><subfield code="v">Newspapers.</subfield></datafield><datafield ind1=" " ind2="4" tag="651"><subfield code="a">Izard County (Ark.)</subfield><subfield code="v">Newspapers.</subfield></datafield><datafield ind1=" " ind2=" " tag="752"><subfield code="a">United States</subfield><subfield code="b">Arkansas</subfield><subfield code="c">Izard</subfield><subfield code="d">Calico Rock.</subfield></datafield><datafield ind1="0" ind2=" " tag="775"><subfield code="t">White River current</subfield><subfield code="w">(DLC)sn 92050101</subfield></datafield></record>